@misc{faf5_2024,
  author = {{U.S. Department of Transportation: Federal Highway Administration}},
  title = {Freight Analysis Framework},
  year = {2024},
  howpublished = {\url{https://ops.fhwa.dot.gov/freight/freight_analysis/faf/}},
  note = {Accessed on 2024-06-10}  
}


@misc{GREET_2022,
title = {Greenhouse gases, Regulated Emissions, and Energy use in Technologies Model Â® (2022 Excel)},
author = {Wang, Michael and Elgowainy, Amgad and Lee, Uisung and Baek, Kwang H. and Bafana, Adarsh and Benavides, Pahola T. and Burnham, Andrew and Cai, Hao and Cappello, Vincenzo and Chen, Peter and Gan, Yu and Gracida-Alvarez, Ulises R. and Hawkins, Troy R. and Iyer, Rakesh K. and Kelly, Jarod C. and Kim, Taemin and Kumar, Shishir and Kwon, Hoyoung and Lee, Kyuha and Liu, Xinyu and Lu, Zifeng and Masum, Farhad and Ng, Clarence and Ou, Longwen and Reddi, Krishna and Siddique, Nazib and Sun, Pingping and Vyawahare, Pradeep and Xu, Hui and Zaimes, George},
doi = {10.11578/GREET-Excel-2022/dc.20220908.1},
url = {https://doi.org/10.11578/GREET-Excel-2022/dc.20220908.1},
howpublished = {[Computer Software] \url{https://doi.org/10.11578/GREET-Excel-2022/dc.20220908.1}},
year = {2022},
month = {oct}
}

@techreport{VIUS_2002,
  title = {Vehicle Inventory and Use Survey},
  author = {{U.S. Census Bureau}},
  year = {2002},
  institution = {U.S. Census Bureau},
  type = {{Economic Census}},
  url = {https://www2.census.gov/library/publications/economic-census/2002/vehicle-inventory-and-use-survey/ec02tv-us.pdf}
}

@misc{biden_harris_2023,
  author = {{U.S. Department of Energy}},
  title = {Biden-Harris Administration Announces Funding for Zero-Emission Medium- and Heavy-Duty Vehicle Development},
  year = {2023},
  month = {February},
  day = {15},
  howpublished = {\url{https://www.energy.gov/articles/biden-harris-administration-announces-funding-zero-emission-medium-and-heavy-duty-vehicle}},
  note = {Accessed: 2024-06-17}
}

@misc{AFDC_2024,
  author = {{Alternative Fuels Data Center}},
  title = {Station Data for Alternative Fuel Corridors},
  howpublished = {\url{https://afdc.energy.gov/corridors}},
  note = {Accessed: 2024-06-17}
}

@dataset{McLaren_2017,
  author       = {McLaren, Joyce and Gagnon, Pieter and Zimny-Schmitt, Daniel and DeMinco, Michael and Wilson, Eric},
  title        = {Maximum Demand Charge Rates for Commercial and Industrial Electricity Tariffs in the United States},
  year         = {2017},
  publisher    = {National Renewable Energy Laboratory},
  address      = {Golden, CO},
  version      = {Last updated: December 12, 2023},
  doi          = {10.7799/1392982},
  url          = {https://data.nrel.gov/entries/1392982}
}

@misc{FEMP_DemandCharge,
  author = {{Federal Energy Management Program}},
  title = {Evaluating Your Utility Rate Options},
  howpublished = {\url{https://www.energy.gov/femp/evaluating-your-utility-rate-options}},
  note = {Accessed: 2024-07-17}
}

@inproceedings{Moorthy_2022,
  author = {Moorthy, Radha Sree Krishna and Starke, Michael R and Dean, Benjamin R and Adib, Aswad and Campbell, Steven L and Chinthavali, Madhu Sudhan},
  title = {Megawatt Scale Charging System Architecture},
  booktitle = {Proceeding 2022 IEEE Energy Conversion Congress and Exposition (ECCE)},
  year = {2022},
  pages = {1},
  address = {New Jersey, USA},
  publisher = {IEEE},
  conference = {Energy Conversion Congress and Exposition},
  location = {Detroit, Michigan, USA},
  sponsor = {IEEE},
  month = oct,
  date = {9-13}
}

@misc{EIA_2024,
  author = {{U.S. Energy Information Administration}},
  title = {Electricity Data},
  howpublished = {\url{https://www.eia.gov/electricity/data.php}},
  note = {Accessed: 2024-07-17}
}

@techreport{eGRID_2022,
  author = {{Office of Atmospheric Programs, Clean Air Markets Division}},
  title = {The Emissions \& Generation Resource Integrated Database: eGRID Technical Guide with Year 2022 Data},
  institution = {U.S. Environmental Protection Agency},
  year = {2024},
  month = jan,
  url = {https://www.epa.gov/system/files/documents/2024-01/egrid2022_technical_guide.pdf}
}

@article{Sader_2023,
  author = {Moreno Sader, K. and Biswas, S. and Jones, R. and Mennig, M. and Rezaei, R. and Green, W.H.},
  title = {Battery Electric Long-Haul Trucking in the United States: A Comprehensive Costing and Emissions Analysis},
  journal = {ChemRxiv},
  year = {2023},
  doi = {10.26434/chemrxiv-2023-48zsc},
  note = {This content is a preprint and has not been peer-reviewed}
}

@techreport{NACFE_2023,
  title = {Electric Truck Depots Are Evolving: How 10 Fleets Grew Their BEV Populations},
  author = {Mike Roeth and Rylie Buch and Yunsu Park and James Brown and Denise Rondini and Kim Ehrenhaft},
  institution = {North American Council for Freight Efficiency},
  year = {2024},
  month = {May},
  day = {7},
  type = {Whitepaper},
  url = {https://nacfe.org/sdc_download/64116/?key=020had2ove1yvck2on8we20zx8kv16},
  note = {Accessed: 2024-06-22}
}

@misc{Geotab_2024,
  author = {{Geotab Inc.}},
  title = {Geotab GO9 Fleet GPS Tracking Device},
  year = {2024},
  howpublished = {\url{https://www.geotab.com/vehicle-tracking-device/}},
  note = {Accessed: 2024-06-22}
}

@techreport{MacDonell_2024,
  title = {Thought Experiment to Explore Potential Savings from Pooled Charging Infrastructure Investment},
  author = {Danika MacDonell and Micah Borrero},
  institution = {Massachusetts Institute of Technology},
  year = {2024},
  type = {Whitepaper},
  url = {https://dspace.mit.edu/bitstream/handle/1721.1/153617/Infrastructure%20Pooling%20Thought%20Experiment%20White%20Paper.pdf?sequence=1&isAllowed=y},
  note = {Accessed: 2024-06-22}
}
